@article{AddetiaCrawfordEtAl2020,
  author = {A. Addetia and K. H. D. Crawford and A. Dingens and H. Zhu and P. Roychoudhury and {{M.-L.}} Huang and K. R. Jerome and J. D. Bloom and A. L. Greninger},
  title = {{{Neutralizing antibodies correlate with protection from SARS-CoV-2 in humans during a fishery vessel outbreak with a high attack rate}}},
  journal = {Journal of Clinical Microbiology},
  year = {2020},
  volume = {58},
  number = {e02107--20},
  pages = {1-11}
}

@Article{AdlersteinDorn1998,
  author =  {Adlerstein, S. A. and Dorn, M. W.},
  title =   {{The effect of Kudoa paniformis infection on the reproductive effort of female Pacific hake}},
  journal = {Canadian Journal of Zoology},
  year =    {1998},
  volume =  {76},
  number =  {12},
  pages =   {2285-2289}
}

@Article{AgostiniFrancisEtAl2006,
  author =  {Agostini, Vera N. and Francis, R. C. and Hollowed, Anne and Pierce, Stephen D. and Wilson, Christopher D. and Hendrix, Albert N.},
  title =   {{The relationship between Pacific hake (\emph{Merluccius productus}) distribution and poleward subsurface flow in the California Current system}},
  journal = {Canadian Journal of Fisheries and Aquatic Sciences},
  year =    {2006},
  volume =  {63},
  pages =   {2648-2659}
}

@Article{AlarconCubillosEtAl2011,
  author =  {Alarcon, C. and Cubillos, L. A. and Acuna, E.},
  title =   {{Length-based growth, maturity and natural mortality of the cockfish Callorhinchus callorhynchus (Linnaeus, 1758) off Coquimbo, Chile}},
  journal = {Environmental Biology of Fishes},
  year =    {2011},
  volume =  {92},
  number =  {1},
  pages =   {65-78},
  note =    {Times Cited: 0 Alarcon, Carolina Cubillos, Luis A. Acuna, Enzo}
}

@Book{AlheitPitcher1995,
  title =     {{Hake: Biology, fisheries and markets}},
  publisher = {Springer},
  year =      {1995},
  editor =    {Alheit, J. and Pitcher, T.J.},
  address =   {Netherlands},
  pages =     {xxii+478~p}
}

@article{AliORoukeEtAl2016,
  title={{RAD capture (Rapture): flexible and efficient sequence-based genotyping}},
  author={Ali, O. A. and O'Rourke, S. M. and Amish, S. J. and Meek, M. H. and
          Luikart, G. and Jeffres, C. and Miller, M. R.},
  journal={Genetics},
  volume={202},
  number={2},
  pages={389-400},
  year={2016}
}

@Article{BaileyFrancis1985,
  author =  {Bailey, K. M. and Francis, R. C.},
  title =   {{Recruitment of Pacific whiting, \emph{Merluccius productus}, and the ocean environment}},
  journal = {Marine Fisheries Review},
  year =    {1985},
  volume =  {47},
  number =  {2},
  pages =   {8-15}
}

@Article{BaileyFrancisEtAl1982,
  author =   {Bailey, K. M. and Francis, R. C. and Stevens, P. R.},
  title =    {{The life history and fishery of Pacific whiting, \emph{Merluccius productus}}},
  journal =  {CalCOFI Reports},
  year =     {1982},
  volume =   {XXIII},
  pages =    {81-98}
}

@article{BairdEtterEtAl2008,
  title={{Rapid SNP discovery and genetic mapping using sequenced RAD markers}},
  author={Baird, N. A. and Etter, P. D and Atwood, T. S. and Currey, M. C. and
          Shiver, A. L. and Lewis, Z. A. and Selker, E. U. and Cresko, W. A.
	  and Johnson, E. A.},
  journal={PLoS ONE},
  volume={3},
  number={10},
  pages={e3376},
  year={2008}
}

@Article{BensonMcFarlaneEtAl2002,
  author =  {Benson, Ashleen J. and McFarlane, Gordon A. and Allen, Susan E. and Dower, John F.},
  title =   {{Changes in Pacific hake (\emph{Merluccius productus}) migration pattern and juvenile growth related to the 1989 regime shift}},
  journal = {Canadian Journal of Fisheries and Aquatic Sciences},
  year =    {2002},
  volume =  {59},
  pages =   {1969-1979}
}

@Article{BentleyLangley2012,
  author =  {Bentley, Nokome and Langley, Adam D},
  title =   {{Feasible stock trajectories: a flexible and efficient sequential estimator for use in fisheries management procedures}},
  journal = {Canadian Journal of Fisheries and Aquatic Sciences},
  year =    {2012},
  volume =  {69},
  number =  {1},
  pages =   {161-177}
}

@Article{Berger2019,
  author =   {Berger, A. M.},
  title =    {{Character of temporal variability in stock productivity influences the utility of dynamic reference points}},
  journal =  {Fisheries Research},
  year =     {2019},
  volume =   {217},
  pages =    {185-197}
}
% https://doi.org/10.1016/j.fishres.2018.11.028

@Article{Betancourt2018,
  author = {Betancourt, Michael A.},
  title = {{A Conceptual Introduction to Hamiltonian Monte Carlo}},
  journal = {Statistics Methodology, Cornell University},
  pages = {60pp.},
  year = {2018},
  url = {https://arxiv.org/abs/1701.02434}
}

@article{BuckleyLivingston1997,
	title = {{Geographic variation in the diet of {Pacific} hake, with a note on cannibalism}},
	journal = {California Cooperative Oceanic Fisheries Investigations Report},
	author = {Buckley, Troy W. and Livingston, Patricia A.},
	year = {1997},
	pages = {53--62},
}
@Article{ButlerNishimoto1997,
  author =  {Butler, John L. and Nishimoto, Robert N.},
  title =   {{Growth and cohort dynamics of larval pacific hake (\emph{Merluccius productus})}},
  journal = {CalCOFI Reports},
  year =    {1997},
  volume =  {38},
  pages =   {63-68}
}

@Article{Cass-Calay1997,
  author =  {Cass-Calay, Shannon L.},
  title =   {{Relation of mean growth rate to concentration of prey-sized particles for larvae of Pacific hake (\emph{Merluccius productus})}},
  journal = {CalCOFI Reports},
  year =    {1997},
  volume =  {38},
  pages =   {69-76}
}

@Article{ChittaroGrandinetal2022,
  author = {Chittaro, Paul and Grandin, Chris and Pacunski, Robert and Zabel, Rich},
  title = {{Five decades of change in somatic growth of Pacific hake from Puget Sound and Strait of Georgia}},
  journal = {Aquatic Biology},
  year = {2022},
  volume = {10},
  pages = {e13577}
}

@Misc{CuddingtonEdwardsEtAl2021,
   author    = {Cuddington, K. and Edwards, A. M. and Ingalls, B.},
   title     = {{Building Skills in Quantitative Biology. Available at \url{https://www.quantitative-biology.ca}}},
   year      = {2021}
}

@Misc{DFO2009,
   author    = {DFO},
   title     = {{A fishery decision-making framework incorporating the Precautionary Approach. Available at \url{http://www.dfo-mpo.gc.ca/reports-rapports/regs/sff-cpd/precaution-eng.htm}}},
   year      = {2009}
}

@Misc{DFO2020,
  author = {DFO},
  title =  {{DFO Groundfish Pacific Region 2020 Integrated Fisheries Management Plan, 336~p. Available at \url{https://waves-vagues.dfo-mpo.gc.ca/Library/4088529x.pdf}}},
  year =   {2020}
}

@Misc{DFO2021,
  author = {DFO},
  title =  {{DFO Groundfish Pacific Region 2021 Integrated Fisheries Management Plan, 326~p. Available at \url{https://waves-vagues.dfo-mpo.gc.ca/Library/4093732x.pdf}}},
  year =   {2021}
}

@Misc{Dorn1991,
  author = {Dorn, Martin W.},
  title =  {{Spatial and temporal patterns in the catch of Pacific whiting in the U.S. management zone during 1978-88.}},
  address = {Available at \url{http://www.pcouncil.org/groundfish/stock-assessments/by-species/pacific-whiting-hake}},
  year =   {1991}
}

@Article{Dorn1992,
  author =  {Dorn, Martin W.},
  title =   {{Detecting environmental covariates of Pacific whiting \emph{Merluccius productus} growth using a growth-increment regression model}},
  journal = {Fishery Bulletin},
  year =    {1992},
  volume =  {90},
  pages =   {260-275}
}

@Misc{Dorn1994,
  author = {Dorn, Martin W.},
  title =  {{Status of the coastal Pacific whiting resource in 1994.}},
  address = {Available at \url{http://www.pcouncil.org/groundfish/stock-assessments/by-species/pacific-whiting-hake}},
  year =   {1994}
}

@Misc{Dorn1995a,
  author = {Dorn, Martin W.},
  title =  {{Status of the coastal Pacific whiting resource in 1995. Available at \url{http://www.pcouncil.org/groundfish/stock-assessments/by-species/pacific-whiting-hake}}},
  year =   {1995}
}

@Article{Dorn1995b,
  author =  {Dorn, M.W.},
  title =   {{The effects of age composition and oceanographic conditions on the annual migration of Pacific whiting, \emph{Merluccius productus}}},
  journal = {CalCOFI Reports},
  year =    {1995},
  volume =  {36},
  pages =   {97-105}
}

@Misc{Dorn1996,
  author = {Dorn, Martin W.},
  title =  {{Status of the coastal Pacific whiting resource in 1996.}},
  year =   {1996}
}

@Article{Dorn1997,
  author =  {Dorn, Martin W.},
  title =   {{Mesoscale fishing patterns of factory trawlers in the Pacific hake (\emph{Merluccius productus}) fishery }},
  journal = {CalCOFI Reports},
  year =    {1997},
  volume =  {38},
  pages =   {77-89}
}

@Article{Dorn1998,
  author =  {Dorn, Martin W.},
  title =   {{Fine-scale fishing strategies of factory trawlers in a midwater trawl fishery for Pacific hake (\emph{Merluccius productus})}},
  journal = {Canadian Journal of Fisheries and Aquatic Sciences},
  year =    {1998},
  volume =  {55},
  pages =   {180-198}
}

@Misc{DornMethot1990,
  author = {Dorn, Martin W. and Methot, R. D.},
  title =  {{Status of the Pacific whiting resource in 1989 and recommendations to management in 1990. Available at \url{http://www.pcouncil.org/groundfish/stock-assessments/by-species/pacific-whiting-hake}}},
  year =   {1990}
}

% Need more info???
@Misc{DornMethot1991,
  author = {Dorn, Martin W. and Methot, R. D.},
  title =  {{Status of the Pacific whiting resource in 1991. Available at \url{http://www.pcouncil.org/groundfish/stock-assessments/by-species/pacific-whiting-hake}}},
  year =   {1991}
}

% Need more info???
@Misc{DornMethot1992,
  author = {Dorn, Martin W. and Methot, R. D.},
  title =  {{Status of the coastal Pacific whiting resource in 1992. Available at \url{http://www.pcouncil.org/groundfish/stock-assessments/by-species/pacific-whiting-hake}}},
  year =   {1992}
}

% This needs tidying
@Misc{DornMethotEtAl1990,
  author = {Dorn, Martin W. and Methot, R. D. and Nunnallee, Edmund P. and Wilkins, M. W.},
  title =  {{Status of the coastal Pacific whiting resource in 1990. Available at \url{http://www.pcouncil.org/groundfish/stock-assessments/by-species/pacific-whiting-hake}}},
  year =   {1990}
}

@Misc{DornNunnalleeEtAl1994,
  author = {Dorn, Martin W. and Nunnallee, Edmund P. and Wilson, Christopher D. and Wilkins, M.},
  title =  {{Status of the coastal Pacific whiting resource in 1993. Available at \url{http://www.pcouncil.org/groundfish/stock-assessments/by-species/pacific-whiting-hake}}},
  year =   {1994}
}

% Taken from 2015 assessment references:
@Misc{DornSaunders1997,
  author = {Dorn, M. W. and M. Saunders},
  title =  {{Status of the coastal Pacific whiting stock in U.S. and Canada in 1997. In Appendix: Status of the Pacific Coast Groundfish Fishery Through 1997 and Recommended Biological Catches for 1998: Stock Assessment and Fishery Evaluation. Pacific Fishery Management Council. Portland, OR. Available at \url{http://www.pcouncil.org/groundfish/stock-assessments/by-species/pacific-whiting-hake}}},
  year =   {1997},
  pages =  {84~p},
}

@Misc{DornSaundersEtAl1999,
  author = {Dorn, Martin W. and Saunders, Mark W. and Wilson, Christopher D. and Guttormsen, Michael A. and Cooke, Kenneth and Kieser, Robert and Wilkins, Mark E.},
  title =  {{Status of the coastal Pacific hake/whiting stock in U.S. and Canada in 1998. Available at \url{http://www.pcouncil.org/groundfish/stock-assessments/by-species/pacific-whiting-hake}}},
  year =   {1999}
}

@Article{EdwardsDupliseaEtAl2018,
  author = {Edwards, A. M. and Duplisea, D. E. and Grinnell, M. H. and Anderson, S. C. and Grandin, C. J. and Ricard, D. and Keppel, E. A. and Anderson, E. D. and Baker, K. D. and Beno\^it, H. P. and Cleary, J. S. and Connors, B. M. and Desgagn\'es, M. and English, P. A. and Fishman, D. J. and Freshwater, C. and Hedges, K. J. and Holt, C. A. and Holt, K. R. and Kronlund, A. R. and Mariscak, A. and Obradovich, S. G. and Patten, B. A. and Rogers, B. and Rooper, C. N. and Simpson, M. R. and Surette, T. J. and Tallman, R. F. and Wheeland, L. J. and Wor, C. and and Zhu, X.},
  title =   {{Proceedings of the Technical Expertise in Stock Assessment (TESA) national workshop on `Tools for transparent, traceable, and transferable assessments,' 27--30 November 2018 in Nanaimo, British Columbia.}},
  address = {Available at \url{https://waves-vagues.dfo-mpo.gc.ca/Library/40750152.pdf}},
  journal = {Canadian Technical Report of Fisheries and Aquatic Sciences},
  year =    {2018},
  volume =  {3290},
  pages =   {v~+~10~p}
}

@Article{EdwardsRobinsonEtAl2020,
   author    = {A. M. Edwards and J. P. W. Robinson and J. L. Blanchard and J. K. Baum and M. J. Plank},
   title     = {{Accounting for the bin structure of data removes bias when fitting size spectra}},
   journal   = {Marine Ecology Progress Series},
   year      = {2020},
   volume    = {636},
   pages     = {19-33}
}
% https://www.int-res.com/abstracts/meps/v636/p19-33/

@Article{FischAhrensEtAl2022,
  author = {Nicholas Fisch and Robert Ahrens and Kyle Shertzer and Ed Camp},
  title = {{An empirical comparison of alternative likelihood formulations for composition data, with application to cobia and {Pacific} hake}},
  journal = {Canadian Journal of Fisheries and Aquatic Sciences},
  year = {2022},
  volume = {79},
  issue = {10},
  pages = {1745-1764}
}

@Misc{FleischerCookeEtAl2005,
  author = {Fleischer, Guy W. and Cooke, Kenneth D. and Ressler, Patrick H. and Thomas, Rebecca E. and de Blois, Steve K. and Hufnagle, Lawrence C. and Kronlund, A. R. and Holmes, John A. and Wilson, Christopher D.},
  title =  {{The 2003 integrated acoustic and trawl survey of Pacific hake, \emph{Merluccius productus}, in U.S. and Canadian waters off the Pacific Coast}},
  year =   {2005}
}

@Misc{FleischerCookeEtAl2008,
  author = {Fleischer, Guy W. and Cooke, Ken D. and Ressler, Patrick H. and Thomas, Rebecca E. and de Blois, Stephen K. and Hufnagle, Lawrence C.},
  title =  {{The 2005 integrated acoustic and trawl survey of Pacific hake, \emph{Merluccius productus}, in U.S. and Canadian waters off the Pacific coast}},
  year =   {2008}
}

@Article{Francis1983,
  author =  {Francis, R. C.},
  title =   {{Population and trophic dynamics of Pacific whiting, (\emph{Merluccius productus})}},
  journal = {Canadian Journal of Fisheries and Aquatic Sciences},
  year =    {1983},
  volume =  {40},
  pages =   {1925-1943}
}

@Misc{Francis1985,
  author = {Francis, R. C.},
  title =  {{Status of the Pacific hake resource and recommendations for management in 1986. }},
  year =   {1985}
}

@article{Francis2011,
	author = {R. I. C. C. Francis},
	title = {{Data weighting in statistical fisheries stock assessment models}},
  journal = {Canadian Journal of Fisheries and Aquatic Sciences},
	year = {2011},
	Volume = {68},
	Number = {6},
	Pages = {1124-1138},
}

@Article{FrancisHollowed1985,
  author =  {Francis, R. C. and Hollowed, A. B.},
  title =   {{History and management of the coastal fishery for Pacific Whiting, \emph{Merluccius productus}}},
  journal = {Marine Fisheries Review},
  year =    {1985},
  volume =  {47},
  number =  {2},
  pages =   {95-98}
}

% From 2015 assessment:
@Article{FrancisSwartzmanEtAl1982,
  author = {Francis, R. C. and Swartzman, G. L. and Getz, W. M. and Haar, R. and Rose, K.},
  title =  {{A management analysis of the Pacific whiting fishery}},
  year =   {1982},
  journal = {US Department of Commerce, NWAFC Processed Report},
  volume = {82-06},
  pages = {48~p}
}

@Article{FreeEtAl2023,
  author = {Free, Christopher M. and Anderson, Sean C. and Hellmers, Elizabeth A. and Muhling, Barbara A. and Navarro, Michael O. and Richerson, Kate and Rogers, Lauren A. and Satterthwaite, William H. and Thompson, Andrew R. and Burt, Jenn M. and Gaines, Steven D. and Marshall, Kristin N. and White, J. Wilson and Bellquist, Lylall F.},
  title = {Impact of the 2014--2016 marine heatwave on {US} and {Canada} {West Coast} fisheries: Surprises and lessons from key case studies},
  year = {2023},
  journal = {Fish and Fisheries},
  volume = {00},
  pages = {1--23},
}

@Article{GarciaEtAl2018,
  author = {{Garc{\'i}a-{D}e Le{\'o}n}, F. J. and Galv{\'a}n-{T}irado, C. and {S{\'a}nchez {V}elasco}, L. and Silva-{S}egundo, C. A. and Hern{\'a}ndez-{G}uzm{\'a}n, R. and {de los Angeles Barriga-Sosa}, I. and D{\'i}az Jaimes, P. and Canino, M. and Cruz-{H}ern{\'a}ndez, P.},
  title = {{Role of oceanography in shaping the genetic structure in the {North} {Pacific} hake \emph{{Merluccius} productus}}},
  journal = {{PLOS} {ONE}},
  year = {2018},
  volume = {13},
  issue = {3},
  pages = {e0194646}
}

@Article{GroverBuckleyEtAl2002,
  author =  {Grover, Jill J. and Buckley, Troy W. and Woodbury, David},
  title =   {{Effects of the 1997-1998 El Niño on early-juvenile Pacific hake \emph{Merluccius productus}: age, growth, abundance, and diet in coastal nursery habitats}},
  journal = {Marine Ecology Progress Series},
  year =    {2002},
  volume =  {240},
  pages =   {235-247},
  note =    {10.3354/meps240235}
}

@Article{GwinnAllenEtAl2010,
  author =   {Gwinn, Daniel C. and Allen, Micheal S. and Rogers, Mark W.},
  title =    {{Evaluation of procedures to reduce bias in fish growth parameter estimates resulting from size-selective sampling}},
  journal =  {Fisheries Research},
  year =     {2010},
  volume =   {105},
  number =   {2},
  pages =    {75-79},
  keywords = {von Bertalanffy Growth Bias Gear selectivity}
}

@Misc{HamelStewart2009,
  title =   {{Stock Assessment of Pacific Hake, \emph{Merluccius productus}, (a.k.a. Whiting) in U.S. and Canadian Waters in 2009.}},
  year =    {2009},
  author =  {Hamel, O. S. and Stewart, I. J.},
  address = {Pacific Fishery Management Council, Portland, OR. 246 p. Available at \url{http://www.pcouncil.org/groundfish/stock-assessments/by-species/pacific-whiting-hake}}
}

@Article{Hamel2015,
  author =   {Hamel, Owen S.},
  title =    {{A method for calculating a meta-analytical prior for the natural mortality rate using multiple life history correlates}},
  journal =  {ICES Journal of Marine Science},
  year =     {2015},
  volume =   {72},
  number =   {1},
  pages =    {62-69},
  keywords = {natural mortality prior meta-analysis life history}
}

@Article{HamelCope2022,
  author =   {Hamel, O. S. and Cope, J. M},
  title =    {{Development and considerations for application of a longevity-based prior for the natural mortality rate}},
  journal =  {Fisheries Research},
  year =     {2022},
  volume =   {256},
  pages =    {106477},
  doi = {10.1016/j.fishres.2022.106477},
  keywords = {natural mortality prior meta-analysis longevity}
}

@InCollection{HamelEtAl2015,
  author =    {Hamel, O. S. and Ressler, P. H. and Thomas, R. E. and Waldeck, D. A. and Hicks, A. C. and Holmes, J. A. and Fleischer, G. W.},
  title =     {{Biology, fisheries, assessment and management of Pacific hake (\emph{Merluccius productus})}},
  booktitle = {Hakes: biology and exploitation},
  chapter = {9},
  publisher = {Wiley Blackwell},
  year =      {2015},
  editor = {Arancibia, H.},
  pages =     {234-262}
}

@article{HarveyGarfieldEtAl2020,
	series = {{NOAA} technical memorandum {NMFS}-{NWFSC} ; 160},
	title = {{Ecosystem {Status} {Report} of the {California} {Current} for 2019-20: {A} {Summary} of {Ecosystem} {Indicators} {Compiled} by the {California} {Current} {Integrated} {Ecosystem} {Assessment} {Team} ({CCIEA})}},
	url = {https://repository.library.noaa.gov/view/noaa/27303},
	doi = {10.25923/e5rb-9f55},
	author = {Harvey, Chris and Garfield, Newell (Toby) and Williams, Gregory and Tolimieri, Nick and Andrews, Kelly and Barnas, Katie and Bjorkstedt, Eric and Bograd, Steven and Borchert, Jerry and Braby, Caren and Brodeur, Richard and Burke, Brian and Cope, Jason and Coyne, Audrey and Demer, David and deWitt, Lynn and Field, John and Fisher, Jennifer and Frey, Peter and Good, Thomas and Grant, Christina and Greene, Correigh and Hazen, Elliott and Holland, Daniel and Hunter, Matthew and Jacobson, Kym and Jacox, Michael and Jahncke, Jaime and Juhasz, Christy and Kaplan, Isaac and Kasperski, Stephen and Kim, Su and Lawson, Dan and Leising, Andrew and Manderson, Alex and Mantua, Nate and Melin, Sharon and Miller, Rebecca and Moore, Stephanie and Morgan, Cheryl and Muhling, Barbara and Munsch, Stuart and Norman, Karma and Parrish, Julia and Phillips, Amanda and Robertson, Roxanne and Rudnick, Dan and Sakuma, Keith and Samhouri, Jameal and Santora, Jarrod and Schroeder, Isaac and Siedlecki, Samantha and Somers, Kayleigh and Stanton, Beckye and Stierhoff, Kevin and Sydeman, William and Thompson, Andrew and Trong, Duy and Warzybok, Pete and Whitmire, Curt and Wells, Brian and Williams, Margaret and Williams, Thomas and Zamon, Jeannette and Zeman, Samantha and Zubkousky-White, Vanessa and Zwolinski, Juan},
	editor = {{United States. National Marine Fisheries Service. Northwest Region}},
	year = {2020},
	keywords = {California Current, Evaluation, Marine ecosystem management, Monitoring},
}

@article{HarveyGarfieldEtAl2021,
	series = {{NOAA} {Technical} {Memorandum} {NMFS}-{NWFSC} ; 170},
	title = {{Ecosystem {Status} {Report} of the {California} {Current} for 2020-21: {A} {Summary} of {Ecosystem} {Indicators} {Compiled} by the {California} {Current} {Integrated} {Ecosystem} {Assessment} {Team} ({CCIEA})}},
	url = {https://repository.library.noaa.gov/view/noaa/32902},
	doi = {10.25923/x4ge-hn11},
	author = {Harvey, Chris J. and Garfield, Newell (Toby) and Williams, Gregory D. and Tolimieri, Nicholas},
	editor = {{Northwest Fisheries Science Center (U.S.)}},
	year = {2021},
	keywords = {Ecosystem management, Fishery management},
}

@Misc{HelserDornEtAl2002,
  author =   {Helser, Thomas E. and Dorn, Martin W. and Saunders, Mark W. and Wilson, Christopher D. and Guttormsen, Michael A. and Cooke, Kenneth and Wilkins, Mark E.},
  title =    {{Stock assessment of Pacific whiting in U.S. and Canadian waters in 2001. Available at \url{http://www.pcouncil.org/groundfish/stock-assessments/by-species/pacific-whiting-hake}}},
  year =     {2002},
  keywords = {Stock assessment AD model builder}
}

@Misc{HelserFleischerEtAl2005,
  author = {Helser, T. E. and Fleischer, Guy W. and Martell, Steven J. D. and Taylor, Nathan},
  title =  {{Stock assessment of Pacific hake (whiting) in U.S. and Canadian waters in 2004.}},
  address = {Available at \url{http://www.pcouncil.org/groundfish/stock-assessments/by-species/pacific-whiting-hake}},
  year =   {2005},
  pages = {131~p},
}

@Misc{HelserMartell2007,
  author = {Helser, T. E. and Martell, Steven J. D.},
  title =  {{Stock assessment of Pacific hake (Whiting) in U.S. and Canadian waters in 2007. Available at \url{http://www.pcouncil.org/groundfish/stock-assessments/by-species/pacific-whiting-hake}}},
  year =   {2007}
}

@Misc{HelserMethotEtAl2004,
  author =   {Helser, Thomas E. and Methot, Richard D. and Fleischer, Guy W.},
  title =    {{Stock assessment of Pacific hake (whiting) in U.S. and Canadian waters in 2003. Available at \url{http://www.pcouncil.org/groundfish/stock-assessments/by-species/pacific-whiting-hake}}},
  year =     {2004},
  keywords = {Stock assessment groundfish West coast fishery}
}

@Misc{HelserStewartEtAl2006,
  author =   {Helser, Thomas E. and Stewart, Ian Jeremy and Fleischer, Guy W. and Martell, Steven J. D.. },
  title =    {{Stock Assessment of Pacific Hake (Whiting) in U.S. and Canadian Waters in 2006. Available at \url{http://www.pcouncil.org/groundfish/stock-assessments/by-species/pacific-whiting-hake}}},
  year =     {2006},
  keywords = {hake}
}

@InBook{HelserStewartEtAl2008,
  title =     {{Stock Assessment of Pacific Hake, \emph{Merluccius productus}, (a.k.a Whiting) in U.S. and Canadian Waters in 2008. Available at \url{http://www.pcouncil.org/groundfish/stock-assessments/by-species/pacific-whiting-hake}}},
  year =      {2008},
  author =    {Helser, T. E. and Stewart, Ian Jeremy and Hamel, O. S.},
  address =   {Pacific Fishery Management Council, Portland, OR. 128~p.},
  booktitle = { in Status of the Pacific Coast Groundfish Fishery through 2008, Stock Assessment and Fishery Evaluation: Stock Assessments, STAR Panel Reports, and Rebuilding Analyses}
}

@InBook{HicksCoxEtAl2015,
  title =     {{Conservation and yield performance of harvest control rules for the transboundary Pacific hake (\emph{Merluccius productus}) fishery in U.S. and Canadian waters}},
  year =      {2015},
  author =    {Hicks, Allan C. and Cox, Sean and Taylor, Nathan and Taylor, Ian G. and Grandin, Chris J. and Ianelli, Jim},
  booktitle = {DRAFT book chapter submitted in 2015 and distributed at SRG meeting in 2015.}
}

@Article{HinchliffePepinEtAl2019,
  author =  {C. Hinchliffe and P. Pepin and I. M. Suthers and D. S. Falster},
  title =   {{A novel approach for estimating growth and mortality of fish larvae}},
  journal = {ICES Journal of Marine Science},
  year =    {2021},
  volume =  {78},
  pages = {2684-2699}
}
% https://doi.org/10.1093/icesjms/fsab161sICES

@Article{Hoenig1983,
  author =   {Hoenig, J. M.},
  title =    {{Empirical use of longevity data to estimate mortality rates}},
  journal =  {Fishery Bulletin},
  year =     {1983},
  volume =   {82},
  pages =    {898-903},
  keywords = {natural mortality meta-analysis}
}
  % number =   {1},    % I think this is normally issnumber? Anyway, not all entried have it, so removing.

@Article{HoffmanGelman2014,
  author =   {Hoffman, M. D. and Gelman, A.},
  title =    {{The No-U-Turn Sampler: adaptively setting path lengths in Hamiltonian Monte Carlo}},
  journal =  {Journal of Machine Learning Research},
  year =     {2014},
  volume =   {15},
  pages =    {1593-1623},
}

@Misc{HollowedAdlersteinEtAl1988,
  author = {Hollowed, A. B. and Adlerstein, S. and Francis, R. C. and Saunders, M.},
  title =  {{Status of the Pacific whiting resource in 1987 and recommendations for management in 1988. Available at \url{http://www.pcouncil.org/groundfish/stock-assessments/by-species/pacific-whiting-hake}}},
  year =   {1988}
}

@Misc{HollowedMethotEtAl1988,
  author =      {Hollowed, Anne Babcock and Methot, R. D. and Dorn, Martin W.},
  title =       {{Status of the {P}acific whiting resource in 1988 and recommendations to management in 1989}},
  institution = {National Marine Fisheries Service. 51 p.},
  year =        {1988}
}

@Misc{StienessenHonkalehtoEtAl2019,
  author = {Stienessen, S.C. and Honkalehto, T. and Lauffenburger, N.E. and Ressler, P.H. and Lauth, R.R.},
  title  = {{Acoustic {V}essel-of-{O}pportunity ({AVO}) index for midwater {B}ering {S}ea walleye pollock, 2016-2017. AFSC Processed Rep. 2019-01, AFSC, NOAA, NMFS, Seattle, Washington. 24~p. Available at \url{https://repository.library.noaa.gov/view/noaa/19594}}},
  institution = {Alaska Fisheries Science Center},
  year = {2019},
}

@Article{ICESwkrpChange2021,
  author =   {ICES},
  title =    {{Workshop of fisheries management reference points in a changing environment (WKRPChange, outputs from 2020 meeting). Available at \url{http://doi.org/10.17895/ices.pub.7660}}},
  journal =  {ICES Scientific Reports},
  year =     {2021},
  volume =   {3},
  pages =    {39}
}

@Article{Indiveroetal2023,
  author =   {Indivero, Julia and Essington, Timothy E. and Ianelli, James N. and Thorson, James T.},
  title =    {{Incorporating distribution shifts and spatio-temproal variation when estimating weight-at-age for stock assessments: a case study involving the Bering Sea pollock (\emph{Gadus chalcogrammus})}},
  journal =  {ICES Journal of Marine Science},
  year =     {2023},
  volume =   {73},
  pages =    {1-14},
  keywords = {pollock weight spatio-temporal stock assessment}
}

@Article{IshimuraPuntEtAl2005,
  author =   {Ishimura, Gakushi and Punt, Andre E. and Huppert, Daniel D.},
  title =    {{Management of fluctuating fish stocks: the case of Pacific whiting}},
  journal =  {Fisheries Research},
  year =     {2005},
  volume =   {73},
  pages =    {201-216},
  keywords = {hake simulation management strategies operating model}
}

@Article{IwamotoFordEtAl2004,
  author =  {Iwamoto, Eric and Ford, Michael J. and Gustafson, Richard G.},
  title =   {{Genetic population structure of Pacific hake, \emph{Merluccius productus}, in the Pacific Northwest}},
  journal = {Environmental Biology of Fishes},
  year =    {2004},
  volume =  {69},
  pages =   {187-199}
}

@article{IwamotoElzEtAl2015,
  title = {{Microsatellite DNA analysis of Pacific hake \emph{Merluccius productus}}
         population structure in the Salish Sea},
  author = {Iwamoto, E. M. and Elz, A. E. and Garc{\'\i}a-De~Le{\'o}n, F. J.
          and Silva-Segundo, C. A. and Ford, M. J. and Palsson, W. A. and
          Gustafson, R. G.},
  journal = {ICES Journal of Marine Science},
  volume = {72},
  number = {9},
  pages = {2720-2731},
  year = {2015}
}

@Misc{JacobsenEtAl2021,
  author = {N. S. Jacobsen and K. N. Marshall and A. M. Berger and C. J. Grandin and I. G. Taylor},
  title =  {{Management strategy evaluation of Pacific Hake: exploring the robustness of the current harvest policy to spatial stock structure, shift in fishery selectivity, and climate-driven distribution shifts. U.S. Department of Commerce, NOAA Technical Memorandum, NMFS-NWFSC-168.}},
  address = {Available at \url{https:https://repository.library.noaa.gov/view/noaa/30919}},
  year =   {2021}
}

@Misc{JTC2012,
  author = {I. J. Stewart and R. E. Forrest and N. Taylor and C. Grandin and A. C. Hicks},
  title =  {{Status of the Pacific hake (Whiting) stock in U.S. and Canadian Waters in 2012. International Joint Technical Committee for Pacific hake.}},
  address = {Available at \url{https://archive.fisheries.noaa.gov/wcr/publications/fishery_management/groundfish/whiting/2012-stock-assess.pdf}},
  pages = {194~p},
  year =   {2012}
}

@Misc{JTC2013,
  author = {Hicks, A. C. and N. Taylor and C. Grandin and I. G. Taylor and S. Cox},
  title =  {{Status of the Pacific hake (whiting) stock in U.S. and Canadian waters in 2013. International Joint Technical Committee for Pacific hake.}},
  address = {Available at \url{https://archive.fisheries.noaa.gov/wcr/publications/fishery_management/groundfish/whiting/hakeassessment2013_final.pdf}},
  pages = {190~p},
  year =   {2013}
}

@Misc{JTC2014,
  author = {Taylor, N. and A. C. Hicks and I. G. Taylor and C. Grandin  and S. Cox},
  title =  {{Status of the Pacific Hake (whiting) stock in U.S. and Canadian waters in 2014 with a management strategy evaluation. International Joint Technical Committee for Pacific Hake.}},
  address = {Available at \url{https://archive.fisheries.noaa.gov/wcr/publications/fishery_management/groundfish/whiting/2014-stock-assess.pdf}},
  pages = {194~p},
  year =   {2014}
}

@Misc{JTC2015,
  author = {Taylor, I. G. and C. Grandin and A. C. Hicks and N. Taylor and S. Cox},
  title =  {{Status of the Pacific Hake (whiting) stock in U.S. and Canadian waters in 2015. Prepared by the Joint Technical Committee of the U.S. and Canada Pacific Hake/Whiting Agreement; National Marine Fishery Service; Canada Department of Fisheries and Oceans.}},
  address = {Available at \url{https://archive.fisheries.noaa.gov/wcr/publications/fishery_management/groundfish/whiting/hakeassessment2015_final.pdf}},
  pages = {159~p},
  year =   {2015}
}

@Misc{JTC2016,
  author = {Grandin, C. J. and A. C. Hicks and A. M. Berger and A. M. Edwards and N. Taylor and I. G. Taylor and S. Cox},
  title =  {{Status of the Pacific Hake (whiting) stock in U.S. and Canadian waters in 2016. Prepared by the Joint Technical Committee of the U.S. and Canada Pacific Hake/Whiting Agreement, National Marine Fishery Service and Fisheries and Oceans Canada.}},
  address = {Available at \url{https://archive.fisheries.noaa.gov/wcr/publications/fishery_management/groundfish/whiting/pacific_whiting_status_2016-final.pdf}},
  pages = {165~p},
  year =   {2016}
}

@Misc{JTC2017,
  author = {Berger, A. M. and C. J. Grandin and I. G. Taylor and A. M. Edwards and S. Cox},
  title = {{Status of the Pacific Hake (whiting) stock in U.S. and Canadian waters in 2017. Prepared by the Joint Technical Committee of the U.S. and Canada Pacific Hake/Whiting Agreement, National Marine Fishery Service and Fisheries and Oceans Canada.}},
  address = {Available at \url{https://archive.fisheries.noaa.gov/wcr/publications/fishery_management/groundfish/whiting/2017-hake-assessment.pdf}},
  pages = {203~p},
  year =   {2017}
}

@Misc{JTC2018,
  author = {A. M. Edwards and I. G. Taylor and C. J. Grandin and A. M. Berger},
  title = {{Status of the Pacific Hake (whiting) stock in U.S. and Canadian waters in 2018. Prepared by the Joint Technical Committee of the U.S. and Canada Pacific Hake/Whiting Agreement, National Marine Fishery Service and Fisheries and Oceans Canada.}},
  address = {Available at \url{https://archive.fisheries.noaa.gov/wcr/publications/fishery_management/groundfish/whiting/hake-assessment-2018.pdf}},
  pages = {222~p},
  year =   {2018}
}

@Misc{JTC2019,
  author = {A. M. Berger and A. M. Edwards and C. J. Grandin and K. F. Johnson},
  title = {{Status of the Pacific Hake (whiting) stock in U.S. and Canadian waters in 2019. Prepared by the Joint Technical Committee of the U.S. and Canada Pacific Hake/Whiting Agreement, National Marine Fishery Service and Fisheries and Oceans Canada.}},
  address = {Available at \url{https://archive.fisheries.noaa.gov/wcr/publications/fishery_management/groundfish/whiting/hake-assessment-2019-final.pdf}},
  pages = {249~p},
  year =   {2019}
}

@Misc{JTC2020,
  author = {C. J. Grandin and K. F. Johnson and A. M. Edwards and A. M. Berger},
  title = {{Status of the Pacific Hake (whiting) stock in U.S. and Canadian waters in 2020. Prepared by the Joint Technical Committee of the U.S. and Canada Pacific Hake/Whiting Agreement, National Marine Fishery Service and Fisheries and Oceans Canada.}},
  address = {Available at \url{https://www.fisheries.noaa.gov/resource/document/2020-pacific-hake-whiting-stock-assessment}},
  year =   {2020},
  pages = {273~p},
}

@Misc{JTC2021,
  author = {K. F. Johnson and A. M. Edwards and A. M. Berger and C. J. Grandin},
  title = {{Status of the Pacific Hake (whiting) stock in U.S. and Canadian waters in 2021. Prepared by the Joint Technical Committee of the U.S. and Canada Pacific Hake/Whiting Agreement, National Marine Fishery Service and Fisheries and Oceans Canada.}},
  address = {Available at \url{https://www.fisheries.noaa.gov/resource/document/2021-pacific-hake-whiting-stock-assessment}},
  year =   {2021},
  pages = {269~p},
}

@Misc{JTC2022,
  author = {A. M. Edwards and A. M. Berger and C. J. Grandin and K. F. Johnson},
  title = {{Status of the Pacific Hake (whiting) stock in U.S. and Canadian waters in 2022. Prepared by the Joint Technical Committee of the U.S. and Canada Pacific Hake/Whiting Agreement, National Marine Fishery Service and Fisheries and Oceans Canada. 238~p.}},
  address = {Available at \url{https://media.fisheries.noaa.gov/2022-02/2022-hake-assessment-post-srg.pdf}},
  year =   {2022}
}

@Misc{KieserSaundersEtAl1999,
  author = {Kieser, Robert and Saunders, Mark W. and Cooke, Kenneth},
  title =  {{Review of hydroacoustic methodology and Pacific hake biomass estimates for the Strait of Georgia, 1981 to 1998}},
  year =   {1999}
}

@Article{KingMcFarlaneEtAl2012,
  author =   {King, Jacquelynne R. and McFarlane, Gordon A. and Jones, Simon R. M. and Gilmore, Scott R. and Abbott, Cathryn L.},
  title =    {{Stock delineation of migratory and resident Pacific hake in Canadian waters}},
  journal =  {Fisheries Research},
  year =     {2012},
  volume =   {114},
  pages =    {19-30},
  keywords = {Pacific hake \emph{Merluccius productus} Stock delineation Population genetics Parasite infection}
}

@article{KuriyamaOnoEtAl2015,
  author =   {P. T. Kuriyama and K. Ono and F. Hurtado-Ferro and
A. C. Hicks and I. G. Taylor and R. R. Licandeo and K. F.
Johnson and S. C. Anderson and C. C. Monnahan and M. B. Rudd and
C. C. Stawitz and J. L. Valero},
  title = {{An empirical weight-at-age approach reduces estimation bias compared to modeling parametric growth in integrated, statistical stock assessment models when growth is time varying}},
  journal =  {Fisheries Research},
  year =     {2016},
  volume =   {180},
  pages =    {119-127}
}
% http://dx.doi.org/10.1016/j.fishres.2015.09.007}

@Misc{LeonardWatson2011,
  author =   {Leonard, J. and P. Watson},
  title =    {{Description of the input-output model for Pacific Coast fisheries. U.S. Dept. Commer., NOAA Tech. Memo. NMFS-NWFSC-111, 64~p. Available at \url{https://repository.library.noaa.gov/view/noaa/8718}}},
  year =     {2011},
  institution = {U.S. Dept. Commer., NOAA Tech. Memo. NMFS-NWFSC-111, 64 p},
 }

@Book{LlorisMatallanasEtAl2005,
  title =     {{Hakes of the world (family Merlucciidae). An annotated and illustrated catalogue of hake species known to date}},
  publisher = {FAO Species Catalogue for Fishery Purposes},
  year =      {2005},
  author =    {Lloris, D. and Matallanas, J. and Oliver, P.},
  address =   {Rome},
  pages =     {69~p}
}

@Article{LudwigWalters1981,
  author =   {Ludwig, D. and C. J. Walters},
  title =    {{Measurement errors and uncertainty in parameter estimates for stock and recruitment}},
  journal =  {Canadian Journal of Fisheries and Aquatic Sciences},
  year =     {1981},
  volume =   {38},
  pages =    {711-720}
}

@Article{MalickHunsickerEtAl2020,
  author =   {Malick, M.J. and Hunsicker, M.E. and Haltuch, M.A. and Parker-{S}tetter, S.L. and Berger, A.M. and Marshall, K.N.},
  title =    {{Relationships between temperature and {P}acific hake distribution vary across latitude and life-history stage}},
  journal =  {Marine Ecology Progress Series},
  year =     {2020},
  volume =   {639},
  pages =    {185-197},
  doi = {10.3354/meps13286}
}

@Article{MalickSiedleckiEtAl2020,
  author =   {Malick, M.J. and Siedlecki, S.A. and and Norton, E.L. and Kaplan, I.C. and Haltuch, M.A. and Hunsicker, M.E. and Parker-{S}tetter, S.L. and Marshall, K.N. and Berger, A.M. and Hermann, A.J. and Bond, N.A. and Gauthier, S.},
  title =    {{Environmentally driven seasonal forecasts of {P}acific hake distribution}},
  journal =  {Frontiers in Marine Science},
  year =     {2020},
  volume =   {7},
  pages =    {578490},
  doi = {10.3389/fmars.2020.578490}
}

@Misc{Martell2010,
  author = {Martell, Steven J. D.},
  title =  {{Assessment and management advice for Pacific hake in U.S. and Canadian waters in 2010. Available at \url{http://www.pcouncil.org/groundfish/stock-assessments/by-species/pacific-whiting-hake}}},
  year =   {2010}
}

@Article{MartellPineIIIEtAl2007,
  author =   {Martell, Steven J. D. and Pine III, W. E. and Walters, C. J.},
  title =    {{Parameterizing age-structured models from a fisheries management perspective}},
  journal =  {Canadian Journal of Fisheries and Aquatic Sciences},
  year =     {2007},
  volume =   {65},
  pages =    {1586-1600},
  keywords = {hake}
}

@Article{MethotTaylor2011,
  author =  {Methot, R. D. and Taylor, I. G.},
  title =   {{Adjusting for bias due to variability of estimated recruitments in fishery assessment models}},
  journal = {Canadian Journal of Fisheries and Aquatic Sciences},
  year =    {2011},
  volume =  {68},
  pages =   {1744-1760}
}

@Article{MethotWetzel2013,
  author =  {Methot, R. D. and Wetzel, C. R.},
  title =   {{Stock synthesis: a biological and statistical framework for fish stock assessment and fishery management}},
  journal = {Fisheries Research},
  year =    {2013},
  volume =  {142},
  pages =   {86-99}
}

@Manual{MethotEtAl2018,
  author =  {Methot, R. D. and Wetzel, C. R. and Taylor, I. G.},
  title =   {{Stock Synthesis User Manual Version 3.30.10}},
  organization = {NOAA Fisheries},
  address = {Seattle, WA USA. Available from
    {{https://vlab.ncep.noaa.gov/web/stock-synthesis}}},
  year =    {2018}
}

@Article{McAllisterIanelli1997,
  author =  {McAllister, M. K. and Ianelli, J. N.},
  title =   {{Bayesian stock assessment using catch-age data and the sampling-importance resampling algorithm}},
  journal = {Canadian Journal of Fisheries and Aquatic Sciences},
  year =    {1997},
  volume =  {54},
  pages =   {284-300}
}

@Article{MelloRose2005,
  author =  {Mello, L. G. S. and Rose, G. A.},
  title =   {{Using geostatistics to quantify seasonal distribution and aggregation patterns of fishes: an example of Atlantic cod (\emph{{G}adus morhua)}}},
  journal = {Canadian Journal of Fisheries and Aquatic Sciences},
  year =    {2005},
  volume =  {62},
  pages =   {659-670}
}
  % number =  {3},

@Article{Monnahan2018,
  author =  {Monnahan, C. C. and Kristensen, K.},
  title =   {{No-U-turn sampling for fast Bayesian inference in ADMB and TMB: Introducing the adnuts and tmbstan R packages}},
  journal = {P{L}o{S} O{NE}},
  year =    {2018},
  volume =  {13},
  number = "5"
}
%   doi = "10.1371/journal.pone.0197954",

@Article{MonnahanThorsonEtAl17,
  author =  {Monnahan, C. C. and Thorson, J. T. and Branch, T. A.},
  title =   {{Faster estimation of Bayesian models in ecology using Hamiltonian Monte Carlo}},
  journal = {Methods in Ecology and Evolution},
  year =    {2017},
  volume =  {8},
  pages =   {339-348}
}

@Article{Monnahan2019,
  author =  {Monnahan, C. C. and Branch, T. A. and Thorson, J. T. and Stewart, I. J. and Szuwalski, C. S.},
  title =   {{Overcoming long Bayesian run times in integrated fisheries stock assessments}},
  journal = {ICES Journal of Marine Science},
  year =    {2019},
  volume =  {76},
  pages = {1477-1488}
}

@Article{MyersBowenEtAl1999,
  author =   {Myers, R. A. and Bowen, K. G. and Barrowman, N. J.},
  title =    {{Maximum reproductive rate of fish at low population sizes}},
  journal =  {Canadian Journal of Fisheries and Aquatic Sciences},
  year =     {1999},
  volume =   {56},
  pages =    {2404-2419},
  keywords = {meta-analysis Flatfish z steepness stock-Recruitment}
}

@Article{NielsenBerg2014,
  author =   {Nielsen, A. and Berg, C. W.},
  title  =   {{Estimation of time-varying selectivity in stock assessments using state-space models}},
  journal =  {Fisheries Research},
  year =     {2014},
  volume =   {158},
  pages =    {96-101},
  keywords = {time-varying selectivity, state-space models},
}

@Article{NishioArakawa2019,
  author =   {Nishio, M. and Arakawa, A.},
  title  =   {{Performance of Hamiltonian Monte Carlo and No-U-Turn Sampler for estiamating genetic parameters and breeding values}},
  journal =  {Genetics Selection Evolution},
  year =     {2019},
  volume =   {51},
  pages =    {1-12},
 }

@Article{ODriscoll2004,
  author =   {O'Driscoll, Richard L},
  title =    {{Estimating uncertainty associated with acoustic surveys of spawning hoki (Macruronus novaezelandiae) in Cook Strait, New Zealand}},
  journal =  {ICES Journal of Marine Science},
  year =     {2004},
  volume =   {61},
  number =   {1},
  pages =    {84-97},
}

@Article{Petitgas1993,
  author =   {Petitgas, P.},
  title =    {{Geostatistics for fish stock assessments: a review and an acoustic application}},
  journal =  {ICES Journal of Marine Science},
  year =     {1993},
  volume =   {50},
  pages =    {285-298},
}

@Article{Phillips2022,
  author =  {Phillips, E. M. and Chu, D. and Gauthier, S. and Parker-Stetter, S. and Shelton, A. O. and Thomas, R. E.},
  title =   {{Spatiotemporal variability of euphausiids in the {California Current Ecosystem}: insights from a recently developed time series}},
  journal = {ICES Journal of Marine Science},
  year =    {2022},
  volume =  {79},
  pages =   {1312-1326}
}

@Article{Phillips2023,
  author =  {Phillips, E. M. and Malick, M. J. and Gauthier, S. and Haltuch, M. A. and Hunsicker, M. E. and Parker-Stetter, S. and Thomas, R. E.},
  title =   {{The influence of temperature on {Pacific Hake} co-occurrence with euphausiids in the {California Current Ecosystem}}},
  journal = {Fisheries Oceanography},
  year =    {2023},
  volume =  {32},
  issue =   {3},
  pages =   {267--279}
}

@Article{Prager1994,
  author =  {Prager, M. H.},
  title =   {{A suite of extensions to a nonequilibrium surplus-production model}},
  journal = {Fishery Bulletin},
  year =    {1994},
  volume =  {92},
  pages =   {374-389}
}

@Article{Punt2020,
  author =  {Punt, A. E. and Dunn, A. and Elvarsson, B. and Hampton, J. and Hoyle, S. D. and Maunder, M. N. and Methot, R. D. and Nielsen, A.},
  title =   {{Essential features of the next-generation integrated fisheries stock assessment package: A perspective}},
  journal = {Fisheries Research},
  year =    {2020},
  volume =  {229},
  doi = {10.1016/j.fishres.2020.105617}
}

@Manual{R2019,
    title = {{R: A Language and Environment for Statistical Computing}},
    author = {{R Core Team}},
    organization = {R Foundation for Statistical Computing},
    address = {Vienna, Austria. Available from {{http://www.R-project.org}}},
    year = {2018},
  }
@Manual{R2020,
    title = {{R: A Language and Environment for Statistical Computing}},
    author = {{R Core Team}},
    organization = {R Foundation for Statistical Computing},
    address = {Vienna, Austria. Available from {{http://www.R-project.org}}},
    year = {2020},
  }
@Manual{R2022,
    title = {{R: A Language and Environment for Statistical Computing}},
    author = {{R Core Team}},
    organization = {R Foundation for Statistical Computing},
    address = {Vienna, Austria. Available from {{http://www.R-project.org}}},
    year = {2022},
  }
%     url = {http://www.R-project.org},

@Article{ResslerHolmesEtAl2007,
  author =  {Ressler, Patrick H. and Holmes, John A. and Fleischer, Guy W. and Thomas, Rebecca E. and Cooke, Kenneth C.},
  title =   {{Pacific hake, \emph{Merluccius productus}, autecology: a timely review}},
  journal = {Marine Fisheries Review},
  year =    {2007},
  volume =  {69},
  number =  {1-4},
  pages =   {1-24}
}

@Book{RivoirardSimmondsEtAl2000,
  title =     {{Geostatistics for estimating fish abundance}},
  publisher = {Blackwell Science},
  year =      {2000},
  author =    {Rivoirard, J. and Simmonds, J. and Foote, K. G. and Fernandes, P. and Bez, N.},
  address =   {Osney Mead, Oxford},
  pages =     {206~p}
}

@Article{SheltonRamonLacaEtAl2022,
  title = {{Environmental {DNA} provides quantitative estimates of {P}acific hake abundance and distribution in the open ocean}},
  journal = {Proceedings of the Royal Society B},
  year = {2022},
  author = {Shelton, Andrew Olaf and Ram{\'o}n-Laca, Ana and Wells, Abigail and Clemons, Julia and Chu, Dezhang and Feist, Blake E. and Kelly, Ryan P. and Parker-Stetter, Sandra L. and Thomas, Rebecca and Nichols, Krista M. and Park, Linda},
  volume = {289},
  pages = {20212613}
}

@Article{SaundersMcFarlane1997,
  author =  {Saunders, Mark W. and McFarlane, Gordon A.},
  title =   {{Observations on the spawning distribution and biology of offshore Pacific hake (\emph{Merluccius productus})}},
  journal = {CalCOFI Reports},
  year =    {1997},
  volume =  {38},
  pages =   {147-157}
}

@Book{SimmondsMacLennan2006,
  title =     {{Fisheries Acoustics: Theory and practice, 2nd Edition}},
  publisher = {Wiley-Blackwell},
  year =      {2006},
  author =    {Simmonds, John and MacLennan, David N.},
  address =   {Oxford, UK}
}

@Misc{StewartForrestEtAl2011,
  author = {Stewart, I. J. and Forrest, R. E. and Grandin, C. J. and Hamel, O. S. and Hicks, A. C. and Martell, S. J. D. and Taylor, I. G.},
  title =       {{Status of the Pacific hake (whiting) stock in U.S. and Canadian waters in 2011. In: Status of the Pacific Coast Groundfish Fishery through 2011, Stock Assessment and Fishery Evaluation: Stock Assessments, STAR Panel Reports, and rebuilding analyses. Pacific Fishery Management Council, Portland, Oregon. 217~p. Available at \url{http://www.pcouncil.org/groundfish/stock-assessments/by-species/pacific-whiting-hake}}},
  year = {2011},
  pages = {217~p},
}

@Misc{StewartHamel2010,
  author = {Stewart, Ian Jeremy and Hamel, O. S.},
  title =  {{Stock Assessment of Pacific Hake, \emph{Merluccius productus}, (a.k.a. Whiting) in U.S. and Canadian Waters in 2010. Available at \url{http://www.pcouncil.org/groundfish/stock-assessments/by-species/pacific-whiting-hake}}},
  year =   {2010}
}

@Article{StewartHamel2014,
  author =  {I. J. Stewart and O. S. Hamel},
  title =  {{Bootstrapping of sample sizes for length- or age-composition data used in stock assessments}},
  journal = {Canadian Journal of Fisheries and Aquatic Sciences},
  year =    {2014},
  volume =  {71},
  pages =   {581-588}
}

@Article{StewartHazenEtAl2014,
  author =  {Stewart, J. S. and Hazen, E. and Bograd, S. J. and  Byrnes, J. E. K. and Foley, D. G. and Gilly, W. F. and Robison, B. H. and Field, J. C.},
  title =   {{Combined climate- and prey-mediated range expansion of Humboldt squid (\emph{Dosidicus gigas}), a large marine predator in the California Current System}},
  journal = {Global Change Biology},
  year =    {2014},
  volume =  {20},
  pages =   {1832-1843}
}

@article{StewartHicksEtAl2013,
title = {{A comparison of stock assessment uncertainty estimates using maximum likelihood and Bayesian methods implemented with the same model framework}},
author = {I. J. Stewart and A. C. Hicks and I. G. Taylor and J. T.
Thorson and C. Wetzel and S. Kupschus},
journal = {Fisheries Research},
volume = {142},
pages = {37-46},
year = {2013}
}
% doi = "http://dx.doi.org/10.1016/j.fishres.2012.07.003",

@Article{StockMiller2021,
  title = {{The {Woods} {Hole} {Assessment} {Model} {WHAM}: A general state-space assessment framework that incorporates time- and age-varying processes via random effects and links to environmental covariates}},
  author = {B. C. Stock and T. J. Miller},
  journal = {Fisheries Research},
  volume = {240},
  pages = {105967},
  year = {2021}
}

@Article{SuthersWhiteEtAl2022,
  author =   {I. M. Suthers and Z. White and C. Hinchliffe and D. S. Falster and A. J. Richardson and J.D. Everett},
  title  =   {{The Mortality/Growth ratio of larval fish and the slope of the zooplankton size-spectrum}},
  journal =  {Fish and Fisheries},
  year =     {2022},
  volume =   {23},
  pages =    {750-757},
}
% https://onlinelibrary.wiley.com/doi/10.1111/faf.12633

@Article{TaylorWaltersEtAl2005,
  author =  {Taylor, N G and Walters, C J and Martell, S J},
  title =   {{A new likelihood for simultaneously estimating von Bertalanffy growth parameters, gear selectivity, and natural and fishing mortality}},
  journal = {Canadian Journal of Fisheries and Aquatic Sciences},
  year =    {2005},
  volume =  {62},
  pages =   {215-223}
}

@Article{Thorson2019,
  author =   {Thorson, J. T.},
  title =    {{Perspective: Let's simplify stock assessment by replacing tuning algorithms with statistics}},
  journal =  {Fisheries Research},
  year =     {2019},
  volume =   {217},
  pages =    {133-139}
}
% https://doi.org/10.1016/j.fishres.2018.02.005

@Article{ThorsonHicksEtAl2015,
  author =   {Thorson, J. T. and Hicks, A. C. and Methot, R. D.},
  title =    {{Random effect estimation of time-varying factors in Stock Synthesis}},
  journal =  {ICES Journal of Marine Science},
  year =     {2015},
  volume =   {72},
  pages =    {178-185},
}

@article{ThorsonEtAl2017Dirichlet,
  title =    {{Model-based estimates of effective sample size in stock assessment models using the Dirichlet-multinomial distribution}},
  author =   {Thorson, J. T and Johnson, K. F. and Methot, R. D. and Taylor, I. G.},
  journal =  {Fisheries Research},
  year =     {2017},
  volume =   {192},
  pages =    {84-93},
}
% doi = https://doi.org/10.1016/j.fishres.2016.06.005

@article{TurleyRykaczewski2019,
  title =    {{Influence of wind events on larval fish mortality rates in the southern California Current Ecosystem}},
  author =   {Turley, B.D. and Rykaczewski, R.R.},
  journal =  {Canadian Journal of Fisheries and Aquatic Sciences},
  year =     {2019},
  volume =   {76},
  pages =    {2418-2432},
}
%

@Article{VroomanPaloma1977,
  author =  {Vrooman, A.M. and Paloma, P.A.},
  title =   {{Dwarf hake off the coast of Baja California}},
  journal = {California Cooperative Oceanic Fisheries Investigations Reports},
  year =    {1977},
  volume =  {19},
  pages =   {67-72}
}

@Article{WaltersEssington2010,
  author =  {Walters, C. J. and Essington, T.},
  title =   {{Recovery of Bioenergetics Parameters from Information on Growth: Overview of an Approach Based on Statistical Analysis of Tagging and Size-At-Age Data}},
  journal = {The Open Fish Science Journal},
  year =    {2010},
  volume =  {3},
  pages =   {52-68}
}

@Misc{WilsonGuttormsenEtAl2000,
  author =      {Wilson, Christopher D. and Guttormsen, Michael A. and Cooke, K. and Saunders, Mark and Kieser, Robert},
  title =       {{Echo integration-trawl survey of Pacific hake, \emph{Merluccius productus}, off the Pacific coast of the United States and Canada during July-August, 1998.}},
  institution = {U.S. Dept. Commer., NOAA Tech. Memo. NMFS-AFSC-118, 103 p.},
  year =        {2000}
}

@InBook{WoodburyHollowedEtAl1995,
  title =     {{Interannual variation in growth rates and back-calculated spawn dates of juvenile Pacific hake (\emph{Merluccius productus})}},
  publisher = {p. 481-496. University of South Carolina Press, Columbia.},
  year =      {1995},
  author =    {Woodbury, D. and Hollowed, Anne and Pearce, J.},
  editor =    {Secor, D. H. and Dean, J. M. and Campana, S. E.},
  booktitle = {Recent developments in fish otolith research}
}

@Article{Xu2019,
  author =  {Xu, H. and Thorson, J. T. and Methot, R. D. and Taylor, I. G.},
  title =   {{A new semi-parametric method for autocorrelated age- and time-varying selectivity in age-structured assessment models}},
  journal =  {Canadian Journal of Fisheries and Aquatic Sciences},
  volume =  {76},
  year =    {2019},
  pages = {268-285}
}

@Article{Xu2020,
  author =  {Xu, H. and Thorson, J. T. and Methot, R. D.},
  title =   {{Comparing the performance of three data-weighting methods when allowing for time-varying selectivity}},
  journal =  {Canadian Journal of Fisheries and Aquatic Sciences},
  volume =  {77},
  year =    {2020},
  pages = {247-263}
}

@Article{Zamora-Garcia2020,
  author = {Zamora-{G}arc{\'i}a, Oscar G. and M{\'a}rquez-{F}ar{\'a}s, J. Fernando and Stavrinaky-{S}u{\'a}rez, Arist{\'o}teles},
  title = {{Catch rate, length, and sex ratio of {Pacific} hake (\emph{{Merluccius} productus}) in the northern {Gulf} of {California}}},
  journal = {Fishery Bulletin},
  volume = 118,
  year = 2020,
  pages = {365--379}
}
